@book{vanDongen2012,
	Address = {Heidelberg, Germany},
	Author = {{van Dongen}, M. R. C.},
	Doi = {http://dx.doi.org/10.1007/978-3-642-23816-1},
	Publisher = {Springer-Verlag Berlin Heidelberg},
	Series = {X.media.publishing},
	Title = {{\LaTeX}\ and Friends},
	Year = {2012}}


@book{Kopka2004,
	Address = {Boston, {MA}},
	Author = {Kopka, Helmut and Daly, Patrick W.},
	Edition = {Fourth},
	Publisher = {Addison-Wesley},
	Series = {Addison-Wesley Series on Tools and Techniques for Computer Typesetting},
	Title = {Guide to {\LaTeX}},
	Year = {2004}}


@book{Petroski1992,
	Address = {New York, {NY}},
	Author = {Petroski, Henry},
	Publisher = {Vintage Books},
	Title = {To Engineer is Human: The Role of Failure in Successful Design},
	Year = {1992}}
